<record><leader>00000cas a22000007a 4500</leader><controlfield tag="001">12203597</controlfield><controlfield tag="008">850626d19731973mtusr ne      0    0eng d</controlfield><datafield ind1=" " ind2=" " tag="010"><subfield code="a">sn 85053163 </subfield></datafield><datafield ind1=" " ind2=" " tag="040"><subfield code="a">MTL</subfield><subfield code="b">eng</subfield><subfield code="c">MTL</subfield><subfield code="d">OCLCQ</subfield></datafield><datafield ind1=" " ind2=" " tag="042"><subfield code="a">msc</subfield></datafield><datafield ind1="0" ind2=" " tag="130"><subfield code="a">High country (Bozeman, Mont. : Farm and ranch edition)</subfield></datafield><datafield ind1="1" ind2="4" tag="245"><subfield code="a">The High country.</subfield></datafield><datafield ind1=" " ind2=" " tag="250"><subfield code="a">Farm and ranch ed.</subfield></datafield><datafield ind1=" " ind2=" " tag="260"><subfield code="a">Bozeman, Mont. :</subfield><subfield code="b">Thompson Pub. Co.</subfield></datafield><datafield ind1=" " ind2=" " tag="300"><subfield code="a">v. :</subfield><subfield code="b">ill.</subfield></datafield><datafield ind1=" " ind2=" " tag="310"><subfield code="a">Semimonthly</subfield></datafield><datafield ind1="0" ind2=" " tag="362"><subfield code="a">-v. 1, no. 11 (Dec. 15, 1973).</subfield></datafield><datafield ind1=" " ind2=" " tag="588"><subfield code="a">Description based on: Vol. 1, no. 5 (Sept. 15, 1973).</subfield></datafield><datafield ind1=" " ind2=" " tag="752"><subfield code="a">United States</subfield><subfield code="b">Montana</subfield><subfield code="c">Gallatin</subfield><subfield code="d">Bozeman.</subfield></datafield><datafield ind1="1" ind2=" " tag="775"><subfield code="t">High country (Bozeman, Mont.)</subfield><subfield code="w">(DLC)sn 85053162</subfield></datafield><datafield ind1="1" ind2=" " tag="029"><subfield code="a">AU@</subfield><subfield code="b">000023803641</subfield></datafield></record>